<record><leader>00000cas a2200000 a 4500</leader><controlfield tag="001">4993888</controlfield><controlfield tag="008">790523u1936uuuuazusr ne      0   a0eng d</controlfield><controlfield tag="009">208</controlfield><datafield ind1=" " ind2=" " tag="010"><subfield code="a">sn 95063066 </subfield></datafield><datafield ind1=" " ind2=" " tag="040"><subfield code="a">IQU</subfield><subfield code="b">eng</subfield><subfield code="c">IQU</subfield><subfield code="d">CNW</subfield><subfield code="d">OCL</subfield><subfield code="d">OCLCQ</subfield><subfield code="d">GBVCP</subfield><subfield code="d">OCLCO</subfield><subfield code="d">OCLCF</subfield></datafield><datafield ind1=" " ind2=" " tag="015"><subfield code="a">015655598</subfield><subfield code="2">dnb</subfield></datafield><datafield ind1="7" ind2=" " tag="016"><subfield code="a">1033199-2</subfield><subfield code="2">DE-600</subfield></datafield><datafield ind1="7" ind2=" " tag="016"><subfield code="a">015655598</subfield><subfield code="2">de-101</subfield></datafield><datafield ind1="7" ind2=" " tag="016"><subfield code="a">10331992</subfield><subfield code="2">de-600</subfield></datafield><datafield ind1="1" ind2=" " tag="029"><subfield code="a">AU@</subfield><subfield code="b">000025883895</subfield></datafield><datafield ind1="1" ind2=" " tag="029"><subfield code="a">GBVCP</subfield><subfield code="b">170267059</subfield></datafield><datafield ind1=" " ind2=" " tag="042"><subfield code="a">msc</subfield></datafield><datafield ind1=" " ind2=" " tag="090"><subfield code="a">E99.N3</subfield><subfield code="b">N342x</subfield></datafield><datafield ind1="0" ind2="0" tag="245"><subfield code="a">Navajo service news.</subfield></datafield><datafield ind1=" " ind2=" " tag="260"><subfield code="a">Window Rock, Ariz.</subfield><subfield code="b">Navajo Service.</subfield></datafield><datafield ind1=" " ind2=" " tag="300"><subfield code="a">v. :</subfield><subfield code="b">ill. ;</subfield><subfield code="c">27 cm.</subfield></datafield><datafield ind1=" " ind2=" " tag="310"><subfield code="a">Semimonthly</subfield></datafield><datafield ind1="0" ind2=" " tag="362"><subfield code="a">Vol. 1, no. 1 (May 1, 1936)-</subfield></datafield><datafield ind1=" " ind2=" " tag="530"><subfield code="a">Available on microfiche from Clearwater Pub. Co., Window Rock, Ariz. (Huntington Free Library/Museum of the American Indian Library).</subfield></datafield><datafield ind1="2" ind2="0" tag="610"><subfield code="a">Navajo Tribe.</subfield></datafield><datafield ind1=" " ind2="0" tag="650"><subfield code="a">Navajo Indians</subfield><subfield code="v">Newspapers.</subfield></datafield><datafield ind1=" " ind2="0" tag="651"><subfield code="a">Navajo Indian Reservation</subfield><subfield code="v">Newspapers.</subfield></datafield><datafield ind1=" " ind2="7" tag="655"><subfield code="a">Newspapers.</subfield><subfield code="2">fast</subfield><subfield code="0">(OCoLC)fst01423814</subfield></datafield><datafield ind1="2" ind2="7" tag="610"><subfield code="a">Navajo Nation, Arizona, New Mexico &amp; Utah.</subfield><subfield code="2">fast</subfield><subfield code="0">(OCoLC)fst01715437</subfield></datafield><datafield ind1=" " ind2="7" tag="650"><subfield code="a">Navajo Indians.</subfield><subfield code="2">fast</subfield><subfield code="0">(OCoLC)fst01034799</subfield></datafield><datafield ind1=" " ind2="7" tag="651"><subfield code="a">United States</subfield><subfield code="z">Navajo Indian Reservation.</subfield><subfield code="2">fast</subfield><subfield code="0">(OCoLC)fst01241521</subfield></datafield><datafield ind1=" " ind2=" " tag="752"><subfield code="a">United States</subfield><subfield code="b">Arizona</subfield><subfield code="d">Window Rock.</subfield></datafield><datafield ind1=" " ind2=" " tag="936"><subfield code="a">v. 2, no. 9</subfield></datafield></record>